@article{vaswani2017attention,
	title={Attention is all you need},
	author={Vaswani, Ashish and Shazeer, Noam and Parmar, Niki and Uszkoreit, Jakob and Jones, Llion and Gomez, Aidan N and Kaiser, {\L}ukasz and Polosukhin, Illia},
	journal={Advances in neural information processing systems},
	volume={30},
	year={2017}
}

@article{yu2023rolling,
	title={Rolling bearing faults identification based on multiscale singular value},
	author={Yu, Mingyue and Zhang, Yi and Yang, Chunxue},
	journal={Advanced Engineering Informatics},
	volume={57},
	pages={102040},
	year={2023},
	publisher={Elsevier}
}

@article{lei2013review,
	title={A review on empirical mode decomposition in fault diagnosis of rotating machinery},
	author={Lei, Yaguo and Lin, Jing and He, Zhengjia and Zuo, Ming J},
	journal={Mechanical systems and signal processing},
	volume={35},
	number={1-2},
	pages={108--126},
	year={2013},
	publisher={Elsevier}
}


@article{hoang2019survey,
	title={A survey on deep learning based bearing fault diagnosis},
	author={Hoang, Duy-Tang and Kang, Hee-Jun},
	journal={Neurocomputing},
	volume={335},
	pages={327--335},
	year={2019},
	publisher={Elsevier}
}

@article{liu2020review,
	title={A review of failure modes, condition monitoring and fault diagnosis methods for large-scale wind turbine bearings},
	author={Liu, Zepeng and Zhang, Long},
	journal={Measurement},
	volume={149},
	pages={107002},
	year={2020},
	publisher={Elsevier}
}


@article{neupane2020bearing,
	title={Bearing fault detection and diagnosis using case western reserve university dataset with deep learning approaches: A review},
	author={Neupane, Dhiraj and Seok, Jongwon},
	journal={Ieee Access},
	volume={8},
	pages={93155--93178},
	year={2020},
	publisher={IEEE}
}


@article{zhang2022dual,
	title={Dual-aspect self-attention based on transformer for remaining useful life prediction},
	author={Zhang, Zhizheng and Song, Wen and Li, Qiqiang},
	journal={IEEE Transactions on Instrumentation and Measurement},
	volume={71},
	pages={1--11},
	year={2022},
	publisher={IEEE}
}


@article{islam2021data,
	title={Data-driven prognostic scheme for rolling-element bearings using a new health index and variants of least-square support vector machines},
	author={Islam, MM Manjurul and Prosvirin, Alexander E and Kim, Jong-Myon},
	journal={Mechanical Systems and Signal Processing},
	volume={160},
	pages={107853},
	year={2021},
	publisher={Elsevier}
}


@article{zhou2022remaining,
	title={Remaining useful life prediction of bearings by a new reinforced memory GRU network},
	author={Zhou, Jianghong and Qin, Yi and Chen, Dingliang and Liu, Fuqiang and Qian, Quan},
	journal={Advanced Engineering Informatics},
	volume={53},
	pages={101682},
	year={2022},
	publisher={Elsevier}
}


@article{shi2021remaining,
	title={Remaining useful life prediction of bearings using ensemble learning: The impact of diversity in base learners and features},
	author={Shi, Junchuan and Yu, Tianyu and Goebel, Kai and Wu, Dazhong},
	journal={Journal of Computing and Information Science in Engineering},
	volume={21},
	number={2},
	pages={021004},
	year={2021},
	publisher={American Society of Mechanical Engineers}
}


@article{wang2020probabilistic,
	title={A probabilistic framework for remaining useful life prediction of bearings},
	author={Wang, Teng and Liu, Zheng and Mrad, Nezih},
	journal={IEEE Transactions on Instrumentation and Measurement},
	volume={70},
	pages={1--12},
	year={2020},
	publisher={IEEE}
}


@article{li2022novel,
	title={A novel remaining useful life prediction method based on multi-support vector regression fusion and adaptive weight updating},
	author={Li, Yuxiong and Huang, Xianzhen and Zhao, Chengying and Ding, Pengfei},
	journal={ISA transactions},
	volume={131},
	pages={444--459},
	year={2022},
	publisher={Elsevier}
}


@article{meng2020remaining,
	title={Remaining useful life prediction of rolling bearing using fractal theory},
	author={Meng, Zong and Li, Jing and Yin, Na and Pan, Zuozhou},
	journal={Measurement},
	volume={156},
	pages={107572},
	year={2020},
	publisher={Elsevier}
}


@article{wang2021rul,
	title={RUL prediction of rolling bearings based on a DCAE and CNN},
	author={Wang, Chenyang and Jiang, Wanlu and Yang, Xukang and Zhang, Shuqing},
	journal={Applied Sciences},
	volume={11},
	number={23},
	pages={11516},
	year={2021},
	publisher={MDPI}
}


@article{xu2022rul,
	title={RUL prediction for rolling bearings based on Convolutional Autoencoder and status degradation model},
	author={Xu, Weiyang and Jiang, Quansheng and Shen, Yehu and Xu, Fengyu and Zhu, Qixin},
	journal={Applied Soft Computing},
	volume={130},
	pages={109686},
	year={2022},
	publisher={Elsevier}
}


@article{wei2024state,
	title={State of health and remaining useful life prediction of lithium-ion batteries with conditional graph convolutional network},
	author={Wei, Yupeng and Wu, Dazhong},
	journal={Expert Systems with Applications},
	volume={238},
	pages={122041},
	year={2024},
	publisher={Elsevier}
}


@article{wei2023model,
	title={Model-based real-time prediction of surface roughness in fused deposition modeling with graph convolutional network-based error correction},
	author={Wei, Yupeng and Wu, Dazhong},
	journal={Journal of Manufacturing Systems},
	volume={71},
	pages={286--297},
	year={2023},
	publisher={Elsevier}
}


@article{lu2022joint,
	title={Joint training of a predictor network and a generative adversarial network for time series forecasting: A case study of bearing prognostics},
	author={Lu, Hao and Barzegar, Vahid and Nemani, Venkat Pavan and Hu, Chao and Laflamme, Simon and Zimmerman, Andrew Todd},
	journal={Expert Systems with Applications},
	volume={203},
	pages={117415},
	year={2022},
	publisher={Elsevier}
}


@article{zhu2018estimation,
	title={Estimation of bearing remaining useful life based on multiscale convolutional neural network},
	author={Zhu, Jun and Chen, Nan and Peng, Weiwen},
	journal={IEEE Transactions on Industrial Electronics},
	volume={66},
	number={4},
	pages={3208--3216},
	year={2018},
	publisher={IEEE}
}


@article{yang2022bearing,
	title={Bearing remaining useful life prediction based on regression shapalet and graph neural network},
	author={Yang, Xiaoyu and Zheng, Ying and Zhang, Yong and Wong, David Shan-Hill and Yang, Weidong},
	journal={IEEE Transactions on Instrumentation and Measurement},
	volume={71},
	pages={1--12},
	year={2022},
	publisher={IEEE}
}


@article{liu2021enhanced,
	title={An enhanced encoder--decoder framework for bearing remaining useful life prediction},
	author={Liu, Lu and Song, Xiao and Chen, Kai and Hou, Baocun and Chai, Xudong and Ning, Huansheng},
	journal={Measurement},
	volume={170},
	pages={108753},
	year={2021},
	publisher={Elsevier}
}


@article{zhang2019bearing,
	title={Bearing performance degradation assessment using long short-term memory recurrent network},
	author={Zhang, Bin and Zhang, Shaohui and Li, Weihua},
	journal={Computers in Industry},
	volume={106},
	pages={14--29},
	year={2019},
	publisher={Elsevier}
}


@article{zhu2023hybrid,
	title={Hybrid scheme through read-first-LSTM encoder-decoder and broad learning system for bearings degradation monitoring and remaining useful life estimation},
	author={Zhu, Yongmeng and Wu, Jiechang and Liu, Xing and Wu, Jun and Chai, Kai and Hao, Gang and Liu, Shuyong},
	journal={Advanced Engineering Informatics},
	volume={56},
	pages={102014},
	year={2023},
	publisher={Elsevier}
}


@article{ni2022data,
	title={Data-driven prognostic scheme for bearings based on a novel health indicator and gated recurrent unit network},
	author={Ni, Qing and Ji, JC and Feng, Ke},
	journal={IEEE Transactions on Industrial Informatics},
	volume={19},
	number={2},
	pages={1301--1311},
	year={2022},
	publisher={IEEE}
}


@article{luo2022convolutional,
	title={Convolutional neural network based on attention mechanism and Bi-LSTM for bearing remaining life prediction},
	author={Luo, Jiahang and Zhang, Xu},
	journal={Applied Intelligence},
	pages={1--16},
	year={2022},
	publisher={Springer}
}


@article{ma2020deep,
	title={Deep-convolution-based LSTM network for remaining useful life prediction},
	author={Ma, Meng and Mao, Zhu},
	journal={IEEE Transactions on Industrial Informatics},
	volume={17},
	number={3},
	pages={1658--1667},
	year={2020},
	publisher={IEEE}
}


@article{zhang2022parallel,
	title={A parallel hybrid neural network with integration of spatial and temporal features for remaining useful life prediction in prognostics},
	author={Zhang, Jiusi and Tian, Jilun and Li, Minglei and Leon, Jose Ignaclo and Franquelo, Leopoldo Garc{\'\i}a and Luo, Hao and Yin, Shen},
	journal={IEEE Transactions on Instrumentation and Measurement},
	volume={72},
	pages={1--12},
	year={2022},
	publisher={IEEE}
}


@article{han2021remaining,
	title={Remaining useful life prediction of bearing based on stacked autoencoder and recurrent neural network},
	author={Han, Tian and Pang, Jiachen and Tan, Andy CC},
	journal={Journal of Manufacturing Systems},
	volume={61},
	pages={576--591},
	year={2021},
	publisher={Elsevier}
}


@article{cao2021novel,
	title={A novel temporal convolutional network with residual self-attention mechanism for remaining useful life prediction of rolling bearings},
	author={Cao, Yudong and Ding, Yifei and Jia, Minping and Tian, Rushuai},
	journal={Reliability Engineering \& System Safety},
	volume={215},
	pages={107813},
	year={2021},
	publisher={Elsevier}
}


@article{su2021end,
	title={An end-to-end framework for remaining useful life prediction of rolling bearing based on feature pre-extraction mechanism and deep adaptive transformer model},
	author={Su, Xuanyuan and Liu, Hongmei and Tao, Laifa and Lu, Chen and Suo, Mingliang},
	journal={Computers \& Industrial Engineering},
	volume={161},
	pages={107531},
	year={2021},
	publisher={Elsevier}
}


@article{ding2022convolutional,
	title={Convolutional transformer: An enhanced  mechanism architecture for remaining useful life estimation of bearings},
	author={Ding, Yifei and Jia, Minping},
	journal={IEEE Transactions on Instrumentation and Measurement},
	volume={71},
	pages={1--10},
	year={2022},
	publisher={IEEE}
}


@article{zhang2023integrated,
	title={An integrated multi-head dual sparse self-attention network for remaining useful life prediction},
	author={Zhang, Jiusi and Li, Xiang and Tian, Jilun and Luo, Hao and Yin, Shen},
	journal={Reliability Engineering \& System Safety},
	volume={233},
	pages={109096},
	year={2023},
	publisher={Elsevier}
}


@inproceedings{heimes2008recurrent,
	title={Recurrent neural networks for remaining useful life estimation},
	author={Heimes, Felix O},
	booktitle={2008 international conference on prognostics and health management},
	pages={1--6},
	year={2008},
	organization={IEEE}
}


@inproceedings{lu2021gan,
	title={GAN-LSTM predictor for failure prognostics of rolling element bearings},
	author={Lu, Hao and Barzegar, Vahid and Nemani, Venkat P and Hu, Chao and Laflamme, Simon and Zimmerman, Andrew T},
	booktitle={2021 IEEE International Conference on Prognostics and Health Management (ICPHM)},
	pages={1--8},
	year={2021},
	organization={IEEE}
}


@article{wei2024conditional,
	title={Conditional variational transformer for bearing remaining useful life prediction},
	author={Wei, Yupeng and Wu, Dazhong},
	journal={Advanced Engineering Informatics},
	volume={59},
	pages={102247},
	year={2024},
	publisher={Elsevier}
}





%@article{biniaz2017approximation,
%  title={Approximation algorithms for the unit disk cover problem in 2D and 3D},
%  author={Biniaz, Ahmad and Liu, Paul and Maheshwari, Anil and Smid, Michiel},
%  journal={Computational Geometry},
%  volume={60},
%  pages={8--18},
%  year={2017},
%  publisher={Elsevier}
%}
%@article{fowler1981optimal,
%  title={Optimal packing and covering in the plane are NP-complete},
%  author={Fowler, Robert J and Paterson, Michael S and Tanimoto, Steven L},
%  journal={Information processing letters},
%  volume={12},
%  number={3},
%  pages={133--137},
%  year={1981},
%  publisher={Elsevier}
%}
%@article{gonzalez1991covering,
%  title={Covering a set of points in multidimensional space},
%  author={Gonzalez, Teofilo F},
%  journal={Information processing letters},
%  volume={40},
%  number={4},
%  pages={181--188},
%  year={1991},
%  publisher={Elsevier}
%}
%@article{bronnimann1995almost,
%  title={Almost optimal set covers in finite VC-dimension},
%  author={Br{\"o}nnimann, Herv{\'e} and Goodrich, Michael T},
%  journal={Discrete \& Computational Geometry},
%  volume={14},
%  number={4},
%  pages={463--479},
%  year={1995},
%  publisher={Springer}
%}
%@article{franceschetti2001geometric,
%  title={A geometric theorem for approximate disk covering algorithms},
%  author={Franceschetti, Massimo and Cook, Matthew and Bruck, Jehoshua},
%  year={2001},
%  publisher={California Institute of Technology}
%}
%@inproceedings{fu2007almost,
%  title={An almost linear time 2.8334-approximation algorithm for the disc covering problem},
%  author={Fu, Bin and Chen, Zhixiang and Abdelguerfi, Mahdi},
%  booktitle={International Conference on Algorithmic Applications in Management},
%  pages={317--326},
%  year={2007},
%  organization={Springer}
%}
%@article{liu2014fast,
%  title={A fast 25/6-approximation for the minimum unit disk cover problem},
%  author={Liu, Paul and Lu, Daniel},
%  journal={arXiv},
%  year={2014}
%}
%@article{imanparast2020simple,
%  title={A simple greedy approximation algorithm for the unit disk cover problem},
%  author={Imanparast, Mahdi and Hashemi, Seyed Naser},
%  journal={AUT Journal of Mathematics and Computing},
%  volume={1},
%  number={1},
%  pages={47--55},
%  year={2020},
%  publisher={Amirkabir University of Technology}
%}
%@inproceedings{ghosh2019unit,
%  title={Unit disk cover for massive point sets},
%  author={Ghosh, Anirban and Hicks, Brian and Shevchenko, Ronald},
%  booktitle={International Symposium on Experimental Algorithms},
%  pages={142--157},
%  year={2019},
%  organization={Springer}
%}
%@article{dumitrescu2020online,
%  title={Online unit covering in Euclidean space},
%  author={Dumitrescu, Adrian and Ghosh, Anirban and T{\'o}th, Csaba D},
%  journal={Theoretical Computer Science},
%  volume={809},
%  pages={218--230},
%  year={2020},
%  publisher={Elsevier}
%}
%@article{bentley1980decomposable,
%  title={Decomposable searching problems I. Static-to-dynamic transformation},
%  author={Bentley, Jon Louis and Saxe, James B},
%  journal={Journal of Algorithms},
%  volume={1},
%  number={4},
%  pages={301--358},
%  year={1980},
%  publisher={Elsevier}
%}
%@article{friederich2022experiments,
%  title={Experiments with Unit Disk Cover Algorithms for Covering Massive Pointsets},
%  author={Friederich, Rachel and Graham, Matthew and Ghosh, Anirban and Hicks, Brian and Shevchenko, Ronald},
%  journal={arXiv},
%  year={2022}
%}